@BOOK{texbook,
   author = "Knuth, Donald E.",
   title= "The {{\TeX}book}",
   publisher = "Addison-Wesley",
   year = "1984" }

@BOOK{latex,
   author = "Lamport, Leslie",
   title = "{\LaTeX:} {A} Document Preparation System",
   publisher = "Addison-Wesley",
   year = "1986" }

@BOOK{strang,
 author="Strang, Gilbert W.",
 title="Introduction to Linear Algebra",
 publisher="Wellesley-Cambridge Press and SIAM",
 address="New York, USA",
 year="2010"
}

@incollection{ncrabookchap2,
  booktitle    = {Low Frequency Radio Astronomy},
  editor       = {Chengalur, Jayaram N. and Gupta, Yashwant and Dwarakanath, K.S.},
  author       = {Rao, A.P.},
  title        = {Interferometry and Aperture Synthesis},
  chapter      = {2},
  publisher    = {National Institute for Radio Astrophysics (NCRA-TIFR)},
  year         = {2007},
  address      = {Pune 411007, India},
  edition      = {3},
}

@BOOK{wolf,
 author= "Born, Max and Wolf, Emil",
 title="Principles of Optics",
 publisher= "Cambridge University Press",
 address="Cambridge, UK",
 year={1959},
}

@BOOK{bracewell,
 author= "Bracewell, R.N.",
 title="Fourier Transform and Its Applications",
 publisher= "McGraw-Hill",
 year="1999",
 address="New York, USA"
}

@incollection{Com07,
year={2011},
isbn={978-1-4419-9568-1},
booktitle={Fixed-Point Algorithms for Inverse Problems in Science and Engineering},
volume={49},
series={Springer Optimization and Its Applications},
editor={Bauschke, Heinz H. and Burachik, Regina S. and Combettes, Patrick L. and Elser, Veit and Luke, D. Russell and Wolkowicz, Henry},
doi={10.1007/978-1-4419-9569-8_10},
title={Proximal Splitting Methods in Signal Processing},
url={http://dx.doi.org/10.1007/978-1-4419-9569-8_10},
publisher={Springer New York},
keywords={Alternating-direction method of multipliers; Backward–backward algorithm; Convex optimization; Denoising; Douglas–Rachford algorithm; Forward–backward algorithm; Frame; Landweber method; Iterative thresholding; Parallel computing; Peaceman–Rachford algorithm; Proximal algorithm; Restoration and reconstruction; Sparsity; Splitting},
author={Combettes, PatrickL. and Pesquet, Jean-Christophe},
pages={185-212},
language={English}
}

@ARTICLE{hogbom,
 author="Hogbom, Jan",
 title="Aperture synthesis on a Non-Regular Distribution of Interferometer Baselines",
 journal="Astronomy and Astrophysics",
 volume=15,
 year=1974,
 pages=417
}

@ARTICLE{Can106,
 author="Candes, Emmanuel J. and  Romberg, Justin and Tao, Terence",
 title="Robust uncertainty principles: exact signal reconstruction from highly incomplete frequency information",
 journal="IEEE transactions on Information Theory",
 volume="52(2)",
 year=2006,
 pages="489-509"
}

@ARTICLE{Can206,
 author="Candes, Emmanuel J. and Tao, Terence",
 title= "Near-optimal signal recovery from random projections: universal encoding strategies",
 journal="IEEE transactions on Information Theory",
 volume="52(12)",
 year=2006,
 pages="5406-5425"
}

@inproceedings{karmarkar,
 author = {Karmarkar, N.},
 title = {A New Polynomial-time Algorithm for Linear Programming},
 booktitle = {Proceedings of the Sixteenth Annual ACM Symposium on Theory of Computing},
 series = {STOC '84},
 year = {1984},
 isbn = {0-89791-133-4},
 pages = {302--311},
 numpages = {10},
 url = {http://doi.acm.org/10.1145/800057.808695},
 doi = {10.1145/800057.808695},
 acmid = {808695},
 publisher = {ACM},
 address = {New York, NY, USA},
} 

@ARTICLE{david06,
 author="Donoho, David",
 title= "Compressed sensing",
 journal="IEEE transactions on Information Theory",
 volume="52(4)",
 year=2006,
 pages="1289-1306"
}

@ARTICLE{nestrov,
 author="Nesterov, Yu.",
 title="A method for solving convex programming problem with convergence rate",
 journal="Soviet Math. Dokl.",
 volume="27",
 year=1983,
 pages="372-376"
}

@ARTICLE{cand07,
 author="Candes, E. and Romberg, J.",
 title="Sparsity and incoherence in compressive sampling",
 journal="Inverse Problems",
 volume=23,
 year=2007,
 pages="969-985"
}

@ARTICLE{cand05,
 author="Candes, E. and Tao, T.",
 title="Decoding by Linear Programming",
 journal="IEEE transactions on Information Theory",
 volume="51(12)",
 year=2005,
 pages="4203–4215"
}

@ARTICLE{cand06,
 author="Candes, Emmanuel J. and  Romberg, Justin and Tao, Terence",
 title="Stable Signal Recovery from Incomplete and Inaccurate Measurements",
 journal="Communications on Pure and Applied Mathematics",
 volume="LIX",
 year=2006,
 pages="1207–1223"
}

@article{baron09,
 author={Baron, D. and Wakin, M.B. and Duarte, M.F. and Sarvotham, S. and Baraniuk, R.G.},
 title="Distributed compressed sensing",
 year = {2009},
 month = {Jan},
 journal = {arxiv:0901.3403},
 url = {http://arxiv.org/abs/0901.3403}
}

@inproceedings{lustig06,
 author="Lustig, M. and Donoho, D.L. and Pauly, J.M.",
 title="Rapid MR imaging with compressed sensing and randomly under-sampled 3DFT trajectories",
 booktitle="14th Annual Meeting ISMRMSeattle, WA",
 year=2006,
}

@incollection{deconchap,
  booktitle    = {Low Frequency Radio Astronomy},
  editor       = {Chengalur, Jayaram N. and Gupta, Yashwant and Dwarakanath, K.S.},
  author       = {Rajaram, Nityanand},
  title        = {Deconvolution in Synthesis Imaging -- An Introduction},
  chapter      = {3},
  publisher    = {National Institute for Radio Astrophysics (NCRA-TIFR)},
  year         = {2007},
  address      = {Pune 411007, India},
  edition      = {3},
}

@ARTICLE{guler,
 author="Guler, O.",
 title="On convergence of proximal point algorithm for convex optimization",
 journal="SIAM J. Control Optimization",
 volume="10",
 year=1991,
 pages="403-419"
}

@ARTICLE{fista,
 author="Beck, A. and Teboulle, M.",
 title="A fast iterative shrinkage-thresholding algorithm for linear inverse problems",
 journal="SIAM J. Imaging Science",
 volume="2",
 year=2009,
 pages="183-202"
}

@ARTICLE{gmrt,
 author="Swarup, G. and Ananthkrishnan, S. and Kapahi, V.K and Rao, A.P and Subrahmanya, C.R and Kulkarni, V.K.",
 title="Twenty-five years of radio astronomy at TIFR",
 journal="Current Science",
 volume="60",
 year=1991,
 pages="79-94"
}

% ------------------------------------------------------------------------

@MASTERSTHESIS{Sim90,
 author={Simoni\v{c}, A.},
 title={Grupe Operatorjev s Pozitivnim Spektrom},
 school={Univerza v Ljubljani, FNT, Oddelek za Matematiko},
 year={1990},
}

@UNPUBLISHED{Sim91,
 author={Simoni\v{c}, A.},
 title={Notes on {Subharmonic} {Functions}},
 note={Lecture Notes, Dalhousie University, Department of Mathematics, Statistics, \& Computing Science},
 year={1991},
}

@ARTICLE{Sim92,
 author={Simoni\v{c}, A.},
 title={Matrix {Groups} with {Positive} {Spectra}},
 journal={Linear Algebra Appl.},
 volume={173},
 year={1992},
 pages={57-76},
}

@PHDTHESIS{Sim94,
 author={Simoni\v{c}, A.},
 title={An {Extension} of {Lomonosov's} {Techniques} to {Non}-{Compact} {Operators}},
 school={Dalhousie University, Department of Mathematics, Statistics, \& Computing Science},
 year={1994},
}
